@article{lee2017carbayes,
  title={CARBayes version 4.6: {A}n {R} Package for Spatial Areal Unit Modelling with Conditional Autoregressive Priors},
  author={Lee, Duncan},
  journal={University of Glasgow, Glasgow},
  year={2017}
}

@article{lee2020carbayes,
  title={CARBayes version 5.2: {A}n {R} Package for Spatial Areal Unit Modelling with Conditional Autoregressive Priors},
  author={Lee, Duncan},
  journal={University of Glasgow, Glasgow},
  year={2020}
}

@article{moraga2017spatialepiapp,
  title={SpatialEpiApp: A Shiny web application for the analysis of spatial and spatio-temporal disease data},
  author={Moraga, Paula},
  journal={Spatial and Spatio-Temporal Epidemiology},
  volume={23},
  pages={47--57},
  year={2017},
  publisher={Elsevier}
}

@article{lee2013carbayes,
  title={CARBayes: an R package for Bayesian spatial modeling with conditional autoregressive priors},
  author={Lee, Duncan},
  journal={Journal of Statistical Software},
  volume={55},
  number={13},
  pages={1--24},
  year={2013},
  publisher={American Statistical Association}
}

@article{lee2012boundary,
  title={Boundary detection in disease mapping studies},
  author={Lee, Duncan and Mitchell, Richard},
  journal={Biostatistics},
  volume={13},
  number={3},
  pages={415--426},
  year={2012},
  publisher={Oxford University Press}
}